<record><leader>00000cas a22000007a 4500</leader><controlfield tag="001">18041266</controlfield><controlfield tag="008">880606d18921909paudn ne      0    0eng d</controlfield><datafield ind1=" " ind2=" " tag="010"><subfield code="a">sn 88080775 </subfield></datafield><datafield ind1=" " ind2=" " tag="040"><subfield code="a">NPH</subfield><subfield code="b">eng</subfield><subfield code="c">NPH</subfield><subfield code="d">OCLCQ</subfield></datafield><datafield ind1=" " ind2=" " tag="042"><subfield code="a">msc</subfield></datafield><datafield ind1="0" ind2="4" tag="245"><subfield code="a">The Meadville morning star.</subfield></datafield><datafield ind1="1" ind2="3" tag="246"><subfield code="a">Morning star</subfield></datafield><datafield ind1=" " ind2=" " tag="260"><subfield code="a">Meadville, Pa. :</subfield><subfield code="b">Star Pub. Co.,</subfield><subfield code="c">1892-</subfield></datafield><datafield ind1=" " ind2=" " tag="300"><subfield code="a">v.</subfield></datafield><datafield ind1=" " ind2=" " tag="310"><subfield code="a">Daily (except Sun.)</subfield></datafield><datafield ind1="0" ind2=" " tag="362"><subfield code="a">Vol. 3, no. 89 (Apr. 30, 1892)-</subfield></datafield><datafield ind1="1" ind2=" " tag="362"><subfield code="a">Ceased with Apr. 17, 1909 issue.</subfield></datafield><datafield ind1=" " ind2=" " tag="500"><subfield code="a">Publishers: McCoy &amp; Calvin, &lt;1893-&gt;.</subfield></datafield><datafield ind1=" " ind2=" " tag="500"><subfield code="a">Supplement devoted to trade conditions published Dec. 13, 1906.</subfield></datafield><datafield ind1=" " ind2=" " tag="500"><subfield code="a">Special "Woman's edition" published June 27, 1895.</subfield></datafield><datafield ind1=" " ind2=" " tag="752"><subfield code="a">United States</subfield><subfield code="b">Pennsylvania</subfield><subfield code="c">Crawford</subfield><subfield code="d">Meadville.</subfield></datafield><datafield ind1="0" ind2="0" tag="780"><subfield code="t">Morning star (Meadville, Pa.)</subfield><subfield code="w">(DLC)sn 88080776</subfield></datafield><datafield ind1="0" ind2="7" tag="785"><subfield code="t">Daily tribune-Republican</subfield><subfield code="w">(DLC)sn 85038407</subfield></datafield><datafield ind1="0" ind2="7" tag="785"><subfield code="t">Daily tribune-Republican and Meadville morning star</subfield><subfield code="w">(DLC)sn 88079388</subfield></datafield></record>